@article{Mehta2019,
	doi = {10.5120/ijca2019918791},
	url = {https://doi.org/10.5120/ijca2019918791},
	year = 2019,
	month = May,
	publisher = {Foundation of Computer Science},
	volume = {178},
	number = {8},
	pages = {41--46},
	author = {Heeket Mehta and Pratik Kanani and Priya Lande},
	title = {Google Maps},
	journal = {International Journal of Computer Applications}
}

@book{Mitchell2005, 
	author= "Mitchell, Tyler", 
	title="{Web Mapping Illustrated: Using Open Source GIS Toolkits}", 
	publisher="Oâ€™Reilly", 
	place = "Beijing",
	year= 2005
} 

@misc{Forrest2021, 
	author = "Forrest, Matt",
	title ="{A Brief History of Web Maps}",
	howpublished = "\url{https://forrest.nyc/a-brief-history-of-web-maps/}", 
	month = Mar,
	year = 2021
}

@article{Leclerc1994,
	author = {Leclerc, Y.G. and Lau, S.Q.},
	year = 1994,
	title = {TerraVision: A terrain visualization system},
	volume = {540},
	pages = {20},
	language = {en},
	journal = {SRI International, Technical Note}
}

@article{Goldberg2007,
	title={From text to geographic coordinates: the current state of geocoding},
	author={Goldberg, Daniel W and Wilson, John P and Knoblock, Craig A},
	journal={URISA journal},
	volume={19},
	number={1},
	pages={33--46},
	year={2007},
	publisher={Citeseer}
}

@inproceedings{Behr2010,
	author   = {Behr, Franz-Josef},
	year = 2010,
	month = Jan,
	pages = {111-122},
	title = "{A prototype digital cadastral information system for the survey of Kenya}",
	booktitle = "{Applied geoinformatics for society and environment: Third
	international summer school and conference}",
	booksubtitle = "{Geocoding: Fundamentals, Techniques,
	Commercial and Open Services}"
}

@misc{GPS.gov, 
	title ="{GPS Overview}",
	howpublished = "\url{https://www.gps.gov/systems/gps/}",
	author ={U.S. Government}
} 

@article{Bajaj2002,
	author={Bajaj, R. and Ranaweera, S.L. and Agrawal, D.P.},
	journal={Computer}, 
	title={GPS: location-tracking technology}, 
	year={2002},
	volume={35},
	number={4},
	pages={92-94},
	doi={10.1109/MC.2002.993780}
	}
